<?xml version="1.0" encoding="UTF-8"?><record xmlns="http://www.loc.gov/MARC21/slim" xmlns:cinclude="http://apache.org/cocoon/include/1.0" xmlns:zs="http://www.loc.gov/zing/srw/">
  <leader>00356nz  a2200133n  4500</leader>
  <controlfield tag="001">n  97047715 </controlfield>
  <controlfield tag="003">DLC</controlfield>
  <controlfield tag="005">19970506145628.3</controlfield>
  <controlfield tag="008">970506n| acannaab|          |n aaa |||  </controlfield>
  <datafield tag="010" ind1=" " ind2=" ">
    <subfield code="a">n  97047715 </subfield>
  </datafield>
  <datafield tag="040" ind1=" " ind2=" ">
    <subfield code="a">DLC</subfield>
    <subfield code="c">DLC</subfield>
  </datafield>
  <datafield tag="100" ind1="1" ind2="0">
    <subfield code="a">Lares, Shelly</subfield>
  </datafield>
  <datafield tag="670" ind1=" " ind2=" ">
    <subfield code="a">Tu solo tu, p1989:</subfield>
    <subfield code="b">label (Shelly Lares)</subfield>
  </datafield>
  <datafield tag="670" ind1=" " ind2=" ">
    <subfield code="a">LC data base, May 6, 1997:</subfield>
    <subfield code="b">(hdg.: Lares, Shelly)</subfield>
  </datafield>
</record>